@book{womak:lean-thinking,
    author = {James P. Womack, Daniel T. Jones},
    title = {Lean Thinking, Second Editon},
    publisher = {Simon \& Schuster, Inc.},
    year = {2010}
}

@article{article:spooky,
  author = {Albert Einstein and Boris Podolsky and Nathan Rosen},
  title = {Can Quantum-Mechanical Description of Physical Reality be Considered Complete?},
  journal = {Physical Review},
  volume = {47},
  number = {10},
  pages = {777-780},
  year = {1935},
  doi = {10.1103/PhysRev.47.777},
}

@online{site:scrum-wikipedia,
    title = {Scrum - Wikipedia},
    url   = {https://it.wikipedia.org/wiki/Scrum_(informatica)}
}

@online{site:aws,
    title = {AWS},
    url   = {https://aws.amazon.com/}
}

@online{site:active-learning,
    title={Active learning worflow for Amazon Comprehend custom models - Part 1 - AWS Machine Learning Blog},
    url = {https://aws.amazon.com/it/blogs/machine-learning/active-learning-workflow-for-amazon-comprehend-custom-classification-part-1/}
}

@online{site:textract-bedrock,
    title={Intelligent document processing with Amazon Textract, Amazon Bedrock, and Langchain - AWS Machine Learning Blog},
    url={https://aws.amazon.com/it/blogs/machine-learning/intelligent-document-processing-with-amazon-textract-amazon-bedrock-and-langchain/}
}

@online{site:idp-1,
    title={Intelligent document processing with AWS AI services: Part 1 - AWS Machine Learning Blog},
    url={https://aws.amazon.com/it/blogs/machine-learning/part-1-intelligent-document-processing-with-aws-ai-services/}
}

@online{site:idp-2,
    title={Intelligent document processing with AWS AI services: Part 2 - AWS Machine Learning Blog},
    url={https://aws.amazon.com/it/blogs/machine-learning/part-2-intelligent-document-processing-with-aws-ai-services/}
}

@online{site:comprehend-idp,
    title={Introducing one-step classification and entity recognition with Amazon Comprehend for intelligent document processing - AWS Machine Learning Blog},
    url={https://aws.amazon.com/it/blogs/machine-learning/introducing-one-step-classification-and-entity-recognition-with-amazon-comprehend-for-intelligent-document-processing/}
}

@online{site:aws-samples,
    title={AWS Samples for Intelligent Document Processing},
    url={https://github.com/aws-samples/aws-ai-intelligent-document-processing}
}

@online{site:comprehend-samples,
    title={Amazon Comprehend Examples for Building Custom Classifier},
    url={https://github.com/aws-samples/amazon-comprehend-examples/blob/master/building-custom-classifier/BuildingCustomClassifier.ipynb}

}

@online{site:aws-sdk-samples,
    title={AWS SDK for Python (Boto3) Samples},
    url={https://github.com/awsdocs/aws-doc-sdk-examples}
}

@online{site:textract,
    title={Automatically extract text and structured data from documents with Amazon Textract - AWS Machine Learning Blog},
    url={https://aws.amazon.com/it/blogs/machine-learning/automatically-extract-text-and-structured-data-from-documents-with-amazon-textract/}
}

@online{site:invoice-textract,
    title={Introducing specialized support for extracting data from invoices and receipts using Amazon Textract - AWS Machine Learning Blog},
    url={https://aws.amazon.com/it/blogs/machine-learning/announcing-expanded-support-for-extracting-data-from-invoices-and-receipts-using-amazon-textract/}
}

@online{site:flywheel-mlops,
    title={Introducing the Amazon Comprehend Flywheel for MLOps - AWS Machine Learning Blog},
    url={https://aws.amazon.com/it/blogs/machine-learning/introducing-the-amazon-comprehend-flywheel-for-mlops/}
}

@online{site:invoice-pipeline,
    title={Build a receipt and invoice processing pipeline with Amazon Textract - AWS Machine Learning Blog},
    url={https://aws.amazon.com/it/blogs/machine-learning/build-a-receipt-and-invoice-processing-pipeline-with-amazon-textract/}
}

@online{site:comprehend-layout,
    title={Amazon Comprehend Document Classifier adds layout support for higher accuracy - AWS Machine Learning Blog},
    url={https://aws.amazon.com/it/blogs/machine-learning/amazon-comprehend-document-classifier-adds-layout-support-for-higher-accuracy/}
}

@online{site:what-is-idp,
    title={What is Intelligent Document Processing? - AWS},
    url={https://aws.amazon.com/it/what-is/intelligent-document-processing/}
}